@ONLINE{opentracing:1,
TITLE="\href{https://opentracing.io/}{The opentracing project}",
NOTE="opentracing.io"
}
@ONLINE{jaeger:1,
TITLE="\href{https://www.jaegertracing.io/}{Jaeger Tracing}",
YEAR="2020",
NOTE="www.jaegertracing.io"
}
@ONLINE{opentracing:2,
TITLE="\href{https://github.com/yurishkuro/opentracing-tutorial/tree/master/go}{Opentracing Tutorial}",
YEAR="2017",
NOTE="github.com/yurishkuro/opentracing-tutorial/tree/master/go"
}
@ONLINE{go:2,
TITLE="\href{https://gokit.io/}{Go kit}",
YEAR="2014",
NOTE="gokit.io"
}
@ONLINE{docker:1,
TITLE="\href{https://www.docker.com/}{Docker}",
NOTE="www.docker.com"
}
@ONLINE{zdm:1,
TITLE="\href{https://www.zerynth.com/zdm/}{Zerynth Device Manager}",
NOTE= "www.zerynth.com/zdm"
}
@ONLINE{go:1,
TITLE="\href{https://golang.org/}{Golang}",
YEAR="2007",
NOTE="golang.org"
}
@ONLINE{easyredmine:1,
TITLE="\href{https://www.easyredmine.com/}{Easyredmine}",
NOTE="www.easyredmine.com"
}
@ONLINE{rabbit:1,
TITLE="\href{https://www.rabbitmq.com/}{Rabbit Message Queue}",
NOTE="www.rabbitmq.com"
}
@ONLINE{rabbit:2,
TITLE="\href{https://www.rabbitmq.com/getstarted.html}{RMQ Tutorials}",
NOTE="www.rabbitmq.com/getstarted.html",
}
@ONLINE{gogs:1,
TITLE="\href{https://gogs.io/}{Gogs}",
NOTE="gogs.io",
}
@ONLINE{,
TITLE="\href{}{}",
YEAR="",
}