@misc{zerynth_2020, title={Enabling IoT}, url={https://www.zerynth.com/}, journal={Zerynth}, year={2020}, month={Sep}}@misc{go, title={Go is an open source programming language that makes it easy to build simple, reliable, and efficient software.}, url={https://golang.org/}, journal={Go}}@misc{go-kit, title={go-kit/kit}, url={https://github.com/go-kit/kit}, journal={GitHub}, author={Go-Kit}}@misc{jaeger, title={open source, end-to-end distributed tracing}, url={https://www.jaegertracing.io/}, journal={Jaeger}}@misc{rabbitmq, title={Quorum queues}, url={https://www.rabbitmq.com/}, journal={RabbitMQ}}@misc{the opentracing project, url={https://opentracing.io/}, journal={The OpenTracing project}}@misc{yurishkuro, title={yurishkuro/opentracing-tutorial}, url={https://github.com/yurishkuro/opentracing-tutorial/tree/master/go}, journal={GitHub}, author={Yurishkuro}}